% @InProceedings{GoogleNet,
% author = {Szegedy, Christian and Liu, Wei and Jia, Yangqing and Sermanet, Pierre and Reed, Scott and Anguelov, Dragomir and Erhan, Dumitru and Vanhoucke, Vincent and Rabinovich, Andrew},
% title = {Going Deeper With Convolutions},
% booktitle = {Proceedings of the IEEE Conference on Computer Vision and Pattern Recognition (CVPR)},
% month = {June},
% year = {2015}
% }
% @article{VGG,
%   title={Very deep convolutional networks for large-scale image recognition},
%   author={Simonyan, Karen and Zisserman, Andrew},
%   journal={arXiv preprint arXiv:1409.1556},
%   year={2014}
% }